@article{DBLP:journals/corr/abs-1803-05428,
  author       = {Adam Roberts and
                  Jesse H. Engel and
                  Colin Raffel and
                  Curtis Hawthorne and
                  Douglas Eck},
  title        = {A Hierarchical Latent Vector Model for Learning Long-Term Structure
                  in Music},
  journal      = {CoRR},
  volume       = {abs/1803.05428},
  year         = {2018},
  url          = {http://arxiv.org/abs/1803.05428},
  eprinttype    = {arXiv},
  eprint       = {1803.05428},
  timestamp    = {Mon, 22 Jul 2019 13:51:23 +0200},
  biburl       = {https://dblp.org/rec/journals/corr/abs-1803-05428.bib},
  bibsource    = {dblp computer science bibliography, https://dblp.org}
}